
@ARTICLE{lucca_1994,
	AUTHOR = "Lucca, G.",
	TITLE = "Mutual impedance between an overhead and a buried line with earth-return", 
	JOURNAL = "Proc. Int. Electr. Eng. 9th Int. Conf. EMC",
	PAGES = "80-86",
	YEAR = "1994"
}

@ARTICLE{ametani_2009,
	AUTHOR = "A. Ametani, T. Yoneda, B. Yoshihiro and N. Nagaoka",
	TITLE = "An Investigation of Earth-Return Impedance Between Overhead and Underground Conductors and Its Approximation", 
	JOURNAL = "IEEE Transactions on Electromagnetic Compatibility",
	PAGES = "860-867",
	VOLUME = 5,
	NUMBER = 3,
	YEAR = "2009"
}

@ARTICLE{carson_1926,
	AUTHOR = "J. R. Carson",
	TITLE = "Wave Propagation in Overhead Wires with Ground Return",
	JOURNAL = "Bell System Technical Journal",
	VOLUME = "5",
	PAGES = "539-554",
	YEAR = "1926"
}

@BOOK{cigre_1995, 
	AUTHOR = "CIGRE Working Group 36.02",
	TITLE = "Guide on the influence of high voltage AC power systems on metallic pipelines - Electromagnetic Compatibility with telecommunication circuits, low voltage networks and metallic structures",
	PUBLISHER = "CIGRE",
	YEAR = "1995"
}

@BOOK{AS4853_2012, 
	AUTHOR = "AS/NZS 4853",
	TITLE = "Electrical Hazards on Metallic Pipelines",
	PUBLISHER = "Standards Australia",
	YEAR = "2012"
}

@BOOK{ITU_1989, 
	AUTHOR = "International Telecommunication Union",
	TITLE = "Directives Concerning the Protection of Telecommunication Lines against Harmful Effects from Electric Power and Electrified Railway Lines",
	PUBLISHER = "ITU",
	YEAR = "1989"
}
